@misc{OXFO,
  howpublished = {\url{https://en.oxforddictionaries.com/definition/agent}},
  title = {Internetowy słownik języka angielskiego {O}xford},
  note = {Dostęp: 2018-12-15}
}

@INPROCEEDINGS{ZIEL,
    author = {Cezary Zieliński},
    booktitle = {Postępy Robotyki},
    editor = {K. Tchoń and C. Zieliński},
    publisher = {Oficyna Wydawnicza Politechniki Warszawskiej},
    title = {Architektury systemów robotycznych tworzone z agentów upostaciowionych},
    year = {2018},
    volume = {},
    number = {},
    pages = {379-394}
}

@INPROCEEDINGS{KORN,
    author = {Kornuta, Tomasz and Zieliński, Cezary},
    booktitle = {Postępy Robotyki},
    editor = {K. Tchoń and C. Zieliński},
    publisher = {Oficyna Wydawnicza Politechniki Warszawskiej},
    title = {Projektowanie układów sterowania robotów: Część {I}: Metodyka},
    year = {2012},
    volume = {II},
    number = {},
    pages = {597-606}
}

@INPROCEEDINGS{AREN,
    author = {Arent, Krzysztof and Tchoń, Krzysztof},
    booktitle = {Postępy Robotyki},
    editor = {K. Tchoń and C. Zieliński},
    publisher = {Oficyna Wydawnicza Politechniki Warszawskiej},
    title = {Roboty Społeczne},
    year = {2012},
    volume = {II},
    number = {},
    pages = {629-648}
}

@phdthesis{GNAT,
  author       = {Michał Gnatowski}, 
  title        = {Wykorzystanie systemów wieloagentowych we współdziałaniu robotów mobilnych},
  school       = {Polska Akademia Nauk, Instytut Podstawowych Problemów Techniki},
  year         = {2005},
  note         = {\url{http://www.ippt.pan.pl/_download/doktoraty/Gnatowski_doktorat.pdf}}
}

@book{bratman1987intention,
  added-at = {2012-07-16},
  address = {Cambridge, MA},
  author = {Bratman, M.},
  biburl = {https://www.bibsonomy.org/bibtex/2e2055d368cacd65e27d28c87feb0177f/anke.gs},
  description = {Intention, plans, and practical reason - Michael Bratman - Google Books},
  interhash = {483645ed3a3b55b7d1eaf7286cf3d77b},
  intrahash = {e2055d368cacd65e27d28c87feb0177f},
  isbn = {9780674458185},
  keywords = {course hci speech},
  lccn = {87008702},
  publisher = {Harvard University Press},
  timestamp = {2012-07-16T16:12:38.000+0200},
  title = {Intention, plans, and practical reason},
  url = {http://books.google.de/books?id=I0nuAAAAMAAJ},
  year = 1987
}

@INPROCEEDINGS{RAO,
  author = {Anand Rao and Georgeff, Michael},
  booktitle = {Proceedings of the First International Conference on Multiagent Systems},
  year = {1995},
  pages = {312-319},
  title = {{BDI} agents: From theory to practice},
  note = {\url{http://www.aaai.org/Papers/ICMAS/1995/ICMAS95-042.pdf}},
}

@phdthesis{NORL,
  author = {Norling, Emma Jane},
  title  = {Modelling Human Behaviour with BDI Agents},
  school = {The University of Melbourne, Department of Computer Science and Software Engineering},
  year   = {2009},
  note   = {\url{https://minerva-access.unimelb.edu.au/bitstream/handle/11343/37081/281964_Norlan.pdf}}
}

@book{DIGN,
author = {Dignum, Virginia and Noriega, Pablo and Sensoy, Murat and Simão Sichman, Jaime},
year = {2016},
month = {01},
pages = {},
title = {{C}oordination, {O}rganizations, {I}nstitutions, and {N}orms in {A}gent {S}ystems {XI}: {COIN} 2015 International Workshops, COIN@AAMAS, Istanbul, Turkey, May 4, 2015, COIN@IJCAI, Buenos Aires, Argentina, July 26, 2015, Revised Selected Papers},
volume = {9628},
isbn = {978-3-319-42690-7},
doi = {10.1007/978-3-319-42691-4}
}

@inproceedings{BROE,
author = {Broersen, Jan and Dastani, Mehdi and Hulstijn, Joris and Huang, Zhisheng and van der Torre, Leon},
year = {2001},
month = {01},
pages = {9-16},
title = {The BOID Architecture -- Conflicts Between Beliefs, Obligations, Intentions and Desires},
journal = {Proceedings of the International Conference on Autonomous Agents},
doi = {10.1145/375735.375766}
}


@article{FONG,
author = {Fong, Terrence and Nourbakhsh, Illah and Dautenhahn, Kerstin},
year = {2003},
month = {03},
pages = {143-166},
title = {A {S}urvey of {S}ocially {I}nteractive {R}obots},
volume = {42},
journal = {Robotics and Autonomous Systems},
doi = {10.1016/S0921-8890(02)00372-X}
}

@inproceedings{SILV,
author = {de Silva, Lavindra and Sardina, Sebastian and Padgham, Lin},
year = {2009},
month = {01},
pages = {1105-1112},
title = {First principles planning in BDI systems},
volume = {2},
journal = {Proceedings of the International Joint Conference on Autonomous Agents and Multiagent Systems, AAMAS}
}

@article{FIKE,
author = {Fikes, Richard and J. Nilsson, Nils},
year = {1971},
month = {12},
pages = {189-208},
title = {STRIPS: A new approach to the application of theorem proving to problem solving},
volume = {2},
journal = {Artificial Intelligence},
doi = {10.1016/0004-3702(71)90010-5},
note = {\url{http://ai.stanford.edu/~nilsson/OnlinePubs-Nils/PublishedPapers/strips.pdf}}
}

@inproceedings{DINI,
author = {M. Dini, Don and Lent, Michael and Carpenter, Paul and Iyer, K},
year = {2006},
month = {01},
pages = {29-35},
title = {Building Robust Planning and Exection Systems for Virtual Worlds.}
}

@THESIS{WALC,
  author = {Andrzej Walczak},
  title  = {Planning and the Belief-Desire-Intention Model of Agency},
  school = {University of Hamburg, Faculty of Informatics},
  year   = {2005},
  note   = {\url{https://vsis-www.informatik.uni-hamburg.de/getDoc.php/thesis/210/walczak_da.pdf}}
}

@misc{JADEX,
  author = "Kozlak, Jarosław",
  howpublished = {\url{http://home.agh.edu.pl/~kozlak/SA/jadex.html#h.w9kvwsqwnzls}},
  title = {{J}adex, {W}prowadzenie do {BDI}},
  note = {Dostęp: 2018-12-28}
}

@masterthesis{WISS,
    author = "Wissing, Glenn",
    title  = "Multi-agent planning using HTN and GOAP",
    school = "Luleå University of Technology",
    year   = "2007",
    type   = "bachelor's thesis"}

@MISC{GOAL,
  howpublished = {\url{https://goalapl.atlassian.net/wiki/spaces/GOAL/overview}},
  title = {Strona internetowa projektu języka {GOAL}},
  note = {Dostęp: 2018-12-28}
}

@MISC{NAOsite,
	HOWPUBLISHED = {\url{http://doc.aldebaran.com/2-1/home_nao.html}},
	title = {Dokumentacja robota {NAO} ze strony producenta},
	NOTE = {Dostęp: 2018-12-15}
}

@MISC{NAOcup,
	HOWPUBLISHED = {\url{http://spl.robocup.org/}},
	title = {{R}oboCup {S}tandard {P}latform {L}eague},
	NOTE = {Dostęp: 2018-12-15}
}

@MISC{NAOqi,
	HOWPUBLISHED = {\url{http://doc.aldebaran.com/2-1/index_dev_guide.html}},
	title = {System operacyjny {NAO}qi},
	NOTE = {Dostęp: 2018-12-15}
}

@MISC{NAOqimodules,
	HOWPUBLISHED = {\url{http://doc.aldebaran.com/1-14/naoqi/index.html}},
	title = {Lista modułów udostępnianych przez {NAO}qi},
	NOTE = {Dostęp: 2018-12-18}
}

@online{youtube,
        title = {Goal-Oriented Action Planning: Ten Years of AI Programming},
        date = {2015},
        organization = {Game Developers Conference},
        author = {Chris Conway and Peter Higley and Eric Jacopin},
        url = {https://youtu.be/gm7K68663rA},
    }

@misc{ORKIpage,
  author = {Orkin, Jeff},
  howpublished = {\url{http://alumni.media.mit.edu/~jorkin/goap.html}},
  NOTE = {Dostęp: 2018-12-15}
}

@misc{ORKI,
  author = {Orkin, Jeff},
  year = {2003},
  title = {Applying Goal-Oriented Action Planning to Games},
  note = {\url{http://alumni.media.mit.edu/~jorkin/GOAP_draft_AIWisdom2_2003.pdf}. Artykuł został przygotowany na potrzeby książki "AI Game Programming Wisdom 2".}
}

@misc{ORKIws,
  author = {Orkin, Jeff},
  year = {2004},
  title = {Symbolic Representation of Game World State: Toward Real-Time Planning in Games},
  note = {\url{http://alumni.media.mit.edu/~jorkin/WS404OrkinJ.pdf}}
}

@misc{ORKIarch,
  author = {Orkin, Jeff},
  year = {2005},
  title = {Agent Architecture Considerations for Real-Time Planning in Games},
  note = {\url{http://alumni.media.mit.edu/~jorkin/aiide05OrkinJ.pdf}}
}

@misc{ORKIfear,
  author = {Orkin, Jeff},
  year = {2006},
  title = {Three {S}tates and a {P}lan: {T}he {A.I}. of {F.E.A.R}.},
  note = {\url{http://alumni.media.mit.edu/~jorkin/gdc2006_orkin_jeff_fear.pdf}}
}

@misc{OWEN,
  author = {Brent Owens},
  year = {2014},
  howpublished = {\url{https://gamedevelopment.tutsplus.com/tutorials/goal-oriented-action-planning-for-a-smarter-ai--cms-20793}},
  NOTE = {Dostęp: 2018-12-15}
}

@misc{THER,
  author = {Theraot},
  year = {2017},
  howpublished = {\url{https://gamedev.stackexchange.com/questions/136832/what-are-the-basics-of-implementing-a-goal-oriented-ai}},
  NOTE = {Dostęp: 2018-12-15}
}

@MISC{ROS,
	HOWPUBLISHED = {\url{http://http://www.ros.org/}},
	TITLE = {Robot Operating System},
	NOTE = {Dostęp: 2018-12-15}
}

@MASTERSTHESIS {SIEN,
    author = "Wojciech Sienniak",
    title  = "Uczenie robota Nao gestów przez naśladowanie",
    school = "Politechnika Wrocławska",
    year   = "2015",
    type   = "Praca inżynierska"
}

@MASTERSTHESIS {BOGD,
    author = "Patryk Bogdański",
    title  = "Multimodalna interakcja z robotem humonoidalnym NAO",
    school = "Politechnika Wrocławska",
    year   = "2015"
}

@misc{UBUN,
    HOWPUBLISHED = {\url{https://wiki.ubuntu.com/TrustyTahr/ReleaseNotes}},
	TITLE = {Ubuntu 14.04 {T}rusty {T}ahr},
	NOTE = {Dostęp: 2018-12-18}
}

@misc{PYTH2,
    HOWPUBLISHED = {\url{https://docs.python.org/2.7/}},
	TITLE = {Dokumentacja języka {P}ython 2.7},
	NOTE = {Dostęp: 2018-12-18}
}

@misc{ROSPY,
    HOWPUBLISHED = {\url{http://wiki.ros.org/rospy}},
	TITLE = {Dokumentacja pakietu rospy},
	NOTE = {Dostęp: 2018-12-18}
}

@misc{ROSnao,
    HOWPUBLISHED = {\url{http://wiki.ros.org/nao}},
	TITLE = {Dokumentacja {API} do robota {NAO} w {ROS}},
	NOTE = {Dostęp: 2018-12-18}
}

@misc{ROSnaoinstall,
    HOWPUBLISHED = {\url{http://wiki.ros.org/nao/Tutorials/Installation}},
	TITLE = {Instrukcja instalacji {API} do {NAO} w {ROS}},
	NOTE = {Dostęp: 2018-12-18}
}

@MASTERSTHESIS {KOLB,
    author = "Felix Kolbe",
    title  = "Goal {O}riented {T}ask {P}lanning for {A}utonomous {S}ervice {R}obots",
    school = "Hamburg University of Applied Sciences",
    year   = "2013"
}

@misc{EXECrgoap,
    HOWPUBLISHED = {\url{http://wiki.ros.org/executive_rgoap?distro=groovy}},
	TITLE = {Pakiet executive\_rgoap},
	NOTE = {Dostęp: 2018-12-18}
}

@misc{KOLBrgoap,
  author = {Kolbe, Felix},
  year = {2014},
  publisher = {GitHub},
  journal = {GitHub repository},
  HOWPUBLISHED = {\url{https://github.com/felix-kolbe/executive_rgoap/tree/master}},
  commit = {2d7b0c8066e85d27754972590400bc5ecc822854},
  NOTE = {Dostęp: 2018-12-18}
}

@misc{TARNrgoap,
  author = {Tarnowski, Juliusz},
  year = {2018},
  publisher = {GitHub},
  journal = {GitHub repository},
  HOWPUBLISHED = {\url{https://github.com/juliusz-t/executive_rgoap/tree/catkin}},
  commit = {d54fc92bb1157ff9ae49afa3cc1ce42f9602359d},
  NOTE = {Dostęp: 2018-12-18}
}

@inproceedings{FOUK,
author = {Foukarakis, Michalis and Leonidis, Asterios and Antona, Margherita and Stephanidis, Constantine},
year = {2014},
month = {06},
pages = {625-635},
title = {Combining Finite State Machine and Decision-Making Tools for Adaptable Robot Behavior},
isbn = {978-3-319-07445-0},
doi = {10.1007/978-3-319-07446-7_60}
}

@misc{SMACH,
HOWPUBLISHED = {\url{http://wiki.ros.org/smach}},
	TITLE = {Dokumentacja biblioteki SMACH},
  NOTE = {Dostęp: 2018-12-28}
}